<?xml version="1.0" encoding="UTF-8"?><collection xmlns="http://www.loc.gov/MARC21/slim"><record><leader>00593nam--2200193-u-4500</leader><controlfield tag="001">000054306</controlfield><controlfield tag="002">20161230</controlfield><controlfield tag="005">20161230201051</controlfield><controlfield tag="008">111114s1000------------r-----000-0-rus-d</controlfield><datafield ind1=" " ind2=" " tag="040"><subfield code="a">IFIN-HH</subfield></datafield><datafield ind1=" " ind2=" " tag="041"><subfield code="a">rus</subfield></datafield><datafield ind1=" " ind2=" " tag="080"><subfield code="a">621.384.663</subfield></datafield><datafield ind1="1" ind2=" " tag="100"><subfield code="a">Goldin, L.L</subfield></datafield><datafield ind1="1" ind2="0" tag="245"><subfield code="a">Vivod ceastit iz protonnogo sinhrotrona itzf i obzor osnovnih pucekov</subfield><subfield code="b">No 173</subfield><subfield code="c">L.l. goldin, l.i. sokolov, v.s. kursev, iu.m. goriacev</subfield></datafield><datafield ind1=" " ind2=" " tag="260"><subfield code="a">Moskva</subfield><subfield code="b">Institut Teoreticeskoi I Eksperimentalnoi Fiziki</subfield><subfield code="c">1963</subfield></datafield><datafield ind1=" " ind2=" " tag="300"><subfield code="a">23P</subfield></datafield><datafield ind1="1" ind2=" " tag="700"><subfield code="a">Goriacev, Iu.M</subfield></datafield><datafield ind1=" " ind2=" " tag="852"><subfield code="a">9072</subfield><subfield code="c">539</subfield></datafield><datafield ind1=" " ind2=" " tag="CAT"><subfield code="a">Sys</subfield><subfield code="c">20111114</subfield><subfield code="h">133829</subfield></datafield></record></collection>